@book{Hom,
author = {Homerus Epic.,},
title = {0012},
note = {8BC. \emph{Aliases}: Ὅμηρος Homerus Homero},
annote = {Homer},
url = {https://catalog.perseus.org/catalog/urn:cts:greekLit:tlg0012}
}

@book{Plat,
author = {Plato Phil.,},
title = {0059},
note = {Atheniensis, 5-4BC. \emph{Aliases}: Πλάτων Plato Platão},
annote = {Plato},
url = {https://catalog.perseus.org/catalog/urn:cts:greekLit:tlg0059}
}

@book{Arist,
author = {Aristotelis Phil.,},
title = {0086},
note = {Stagirites, 4BC. \emph{Aliases}: Ἀριστοτέλης Aristotelis Aristóteles},
annote = {Aristotle},
url = {https://catalog.perseus.org/catalog/urn:cts:greekLit:tlg0086}
}
