@book{σῶς,
author = {σῶς},
title = {{sōs}},
note = {□ \emph{la.} incolumis},
annote = {σῶς}
}

@book{σωφροσύνη,
author = {σωφροσύνη},
title = {{sōphrosynē}},
note = {□ \emph{syn.} temperantia □ \emph{en.} temperance, self-restraint, self-control  □ \emph{de.} Besonnenheit, Beherrschtheit},
annote = {σωφροσύνη}
}
